<?xml version="1.0" encoding="UTF-8"?><record xmlns="http://www.loc.gov/MARC21/slim" xmlns:cinclude="http://apache.org/cocoon/include/1.0" xmlns:zs="http://www.loc.gov/zing/srw/">
  <leader>00536nz  a2200133n  4500</leader>
  <controlfield tag="001">no2011064207</controlfield>
  <controlfield tag="003">DLC</controlfield>
  <controlfield tag="005">20110424075001.0</controlfield>
  <controlfield tag="008">110422n| acannaabn          |n ana     c</controlfield>
  <datafield tag="010" ind1=" " ind2=" ">
    <subfield code="a">no2011064207</subfield>
  </datafield>
  <datafield tag="035" ind1=" " ind2=" ">
    <subfield code="a">(OCoLC)oca08837104</subfield>
  </datafield>
  <datafield tag="040" ind1=" " ind2=" ">
    <subfield code="a">DGPO</subfield>
    <subfield code="b">eng</subfield>
    <subfield code="c">DGPO</subfield>
  </datafield>
  <datafield tag="110" ind1="1" ind2=" ">
    <subfield code="a">United States.</subfield>
    <subfield code="b">Forest Service.</subfield>
    <subfield code="b">Southern Research Station.</subfield>
    <subfield code="b">Science Delivery Group</subfield>
  </datafield>
  <datafield tag="670" ind1=" " ind2=" ">
    <subfield code="a">Compass (Asheville, N.C. : Online), July 2006:</subfield>
    <subfield code="b">PDF file, p. 3 (published quarterly by the Science Delivery Group of the Southern Research Station (SRS), USDA Forest Service)</subfield>
  </datafield>
</record>